@inproceedings{vaz2013recast,
title={RECAST: telling apart social and random relationships in dynamic networks},
author={Vaz de Melo, Pedro OS and Viana, Aline C and Fiore, Marco and Jaffr{\`e}s-Runser, Katia and Le Mou{\"e}l, Frederic and Loureiro, Antonio AF},
booktitle={Proceedings of the 16th ACM international conference on Modeling, analysis \& simulation of wireless and mobile systems},
pages={327--334},
year={2013},
organization={ACM}
}

@inproceedings{qualiPred,
author = {Moghaddam, Samaneh and Jamali, Mohsen and Ester, Martin},
title = {Review Recommendation: Personalized Prediction of the Quality of Online Reviews},
booktitle = {Proceedings of the 20th ACM International Conference on Information and Knowledge Management},
series = {CIKM '11},
year = {2011},
isbn = {978-1-4503-0717-8},
location = {Glasgow, Scotland, UK},
pages = {2249--2252},
numpages = {4},
url = {http://doi.acm.org/10.1145/2063576.2063938},
doi = {10.1145/2063576.2063938},
acmid = {2063938},
publisher = {ACM},
address = {New York, NY, USA},
keywords = {matrix factorization, personalized review quality prediction, review recommendation, tensor factorization},
} 

@inproceedings{helpPred,
author = {Tang, Jiliang and Gao, Huiji and Hu, Xia and Liu, Huan},
title = {Context-aware Review Helpfulness Rating Prediction},
booktitle = {Proceedings of the 7th ACM Conference on Recommender Systems},
series = {RecSys '13},
year = {2013},
isbn = {978-1-4503-2409-0},
location = {Hong Kong, China},
pages = {1--8},
numpages = {8},
url = {http://doi.acm.org/10.1145/2507157.2507183},
doi = {10.1145/2507157.2507183},
acmid = {2507183},
publisher = {ACM},
address = {New York, NY, USA},
keywords = {content context, review rating prediction, review recommendation, social context},
} 

@inproceedings{demog,
author = {Bakhshi, Saeideh and Kanuparthy, Partha and Gilbert, Eric},
title = {Demographics, Weather and Online Reviews: A Study of Restaurant Recommendations},
series = {WWW '14},
year = {2014}
}

@misc{survey,
author = {{Cone Communications Inc.}},
title = {Online influence trend tracker release and fact sheet},
year = {2011}
}

@article{study,
author = {Michael Anderson and Jeremy Magruder},
title = {Learning from the Crowd: Regression Discontinuity Estimates of the Effects of an Online Review Database},
year = {2012},
journal = {The Economic Journal}
}

@inproceedings{wasHelp,
author = {Sipos, Ruben and Ghosh, Arpita and Joachims, Thorsten},
title = {Was This Review Helpful to You?: It Depends! Context and Voting Patterns in Online Content},
booktitle = {Proceedings of the 23rd International Conference on World Wide Web},
series = {WWW '14},
year = {2014},
isbn = {978-1-4503-2744-2},
location = {Seoul, Korea},
pages = {337--348},
numpages = {12},
url = {http://dx.doi.org/10.1145/2566486.2567998},
doi = {10.1145/2566486.2567998},
acmid = {2567998},
publisher = {International World Wide Web Conferences Steering Committee},
address = {Republic and Canton of Geneva, Switzerland},
keywords = {human computation, online reviews, ranking, ratings, user feedback, user-generated content},
} 



